<?xml version="1.0" encoding="UTF-8"?>
<collection xmlns="http://www.loc.gov/MARC21/slim" xmlns:xsi="http://www.w3.org/2001/XMLSchema-instance" xsi:schemaLocation="http://www.loc.gov/standards/marcxml/schema/MARC21slim.xsd">
  <record xmlns="http://www.loc.gov/MARC21/slim">
    <leader>00000cas a2200000Mi 4500</leader>
    <controlfield tag="001">ocn231018688</controlfield>
    <controlfield tag="003">OCoLC</controlfield>
    <controlfield tag="005">20161123071908.4</controlfield>
    <controlfield tag="008">950325c19679999gw uu p       0    0ger d</controlfield>
    <datafield tag="040" ind1=" " ind2=" ">
      <subfield code="a">GEBAY</subfield>
      <subfield code="b">ger</subfield>
      <subfield code="e">rakwb</subfield>
      <subfield code="c">GEBAY</subfield>
      <subfield code="d">OCLCQ</subfield>
      <subfield code="d">CHVBK</subfield>
    </datafield>
    <datafield tag="016" ind1="7" ind2=" ">
      <subfield code="a">010093176</subfield>
      <subfield code="2">DE-101</subfield>
    </datafield>
    <datafield tag="016" ind1="7" ind2=" ">
      <subfield code="a">6904-8</subfield>
      <subfield code="2">DE-600</subfield>
    </datafield>
    <datafield tag="022" ind1=" " ind2=" ">
      <subfield code="a">0009-2851</subfield>
      <subfield code="l">0009-2851</subfield>
    </datafield>
    <datafield tag="029" ind1="1" ind2=" ">
      <subfield code="a">CHVBK</subfield>
      <subfield code="b">038126672</subfield>
    </datafield>
    <datafield tag="029" ind1="1" ind2=" ">
      <subfield code="a">CHSTG</subfield>
      <subfield code="b">000130826</subfield>
    </datafield>
    <datafield tag="029" ind1="1" ind2=" ">
      <subfield code="a">CHVBK</subfield>
      <subfield code="b">043751865</subfield>
    </datafield>
    <datafield tag="029" ind1="1" ind2=" ">
      <subfield code="a">CHSBT</subfield>
      <subfield code="b">000004845</subfield>
    </datafield>
    <datafield tag="029" ind1="1" ind2=" ">
      <subfield code="a">CHVBK</subfield>
      <subfield code="b">11894021X</subfield>
    </datafield>
    <datafield tag="029" ind1="1" ind2=" ">
      <subfield code="a">CHDSB</subfield>
      <subfield code="b">000016710</subfield>
    </datafield>
    <datafield tag="029" ind1="1" ind2=" ">
      <subfield code="a">CHVBK</subfield>
      <subfield code="b">028932889</subfield>
    </datafield>
    <datafield tag="029" ind1="1" ind2=" ">
      <subfield code="a">CHSLU</subfield>
      <subfield code="b">000239342</subfield>
    </datafield>
    <datafield tag="029" ind1="1" ind2=" ">
      <subfield code="a">CHABN</subfield>
      <subfield code="b">000289169</subfield>
    </datafield>
    <datafield tag="029" ind1="1" ind2=" ">
      <subfield code="a">CHVBK</subfield>
      <subfield code="b">020036078</subfield>
    </datafield>
    <datafield tag="029" ind1="1" ind2=" ">
      <subfield code="a">CHBGA</subfield>
      <subfield code="b">000114600</subfield>
    </datafield>
    <datafield tag="029" ind1="1" ind2=" ">
      <subfield code="a">CHVBK</subfield>
      <subfield code="b">126391874</subfield>
    </datafield>
    <datafield tag="029" ind1="1" ind2=" ">
      <subfield code="a">CHBIS</subfield>
      <subfield code="b">000034607</subfield>
    </datafield>
    <datafield tag="030" ind1=" " ind2=" ">
      <subfield code="a">CUNZA</subfield>
    </datafield>
    <datafield tag="030" ind1=" " ind2=" ">
      <subfield code="a">CUNZAW</subfield>
    </datafield>
    <datafield tag="035" ind1=" " ind2=" ">
      <subfield code="a">(OCoLC)231018688</subfield>
    </datafield>
    <datafield tag="049" ind1=" " ind2=" ">
      <subfield code="a">MAIN</subfield>
    </datafield>
    <datafield tag="210" ind1="1" ind2="0">
      <subfield code="a">Chem. Unserer Zeit</subfield>
    </datafield>
    <datafield tag="210" ind1="1" ind2="0">
      <subfield code="a">Chemie unserer Zeit</subfield>
    </datafield>
    <datafield tag="245" ind1="0" ind2="0">
      <subfield code="a">Chemie in unserer Zeit</subfield>
      <subfield code="c">hrsg. von der Gesellschaft Deutscher Chemiker</subfield>
    </datafield>
    <datafield tag="246" ind1="1" ind2="3">
      <subfield code="a">Treffpunkt Buch plus</subfield>
    </datafield>
    <datafield tag="260" ind1=" " ind2=" ">
      <subfield code="a">Weinheim</subfield>
      <subfield code="b">Wiley-VCH</subfield>
    </datafield>
    <datafield tag="270" ind1=" " ind2=" ">
      <subfield code="a">Verl. Chemie</subfield>
      <subfield code="a">Weinheim, Bergstr.</subfield>
      <subfield code="z">anfangs</subfield>
    </datafield>
    <datafield tag="362" ind1="0" ind2=" ">
      <subfield code="a">1.1967 -</subfield>
    </datafield>
    <datafield tag="501" ind1=" " ind2=" ">
      <subfield code="a">Darin:  Treffpunkt Buch plus</subfield>
    </datafield>
    <datafield tag="505" ind1="0" ind2="0">
      <subfield code="g">Enthält halbjährliche Beilage</subfield>
      <subfield code="t">Treffpunkt Buch plus.</subfield>
    </datafield>
    <datafield tag="520" ind1=" " ind2=" ">
      <subfield code="a">Enthält "Mini-Chuiz" (extra paginiert).</subfield>
    </datafield>
    <datafield tag="590" ind1=" " ind2=" ">
      <subfield code="b">HBZ Sundv</subfield>
    </datafield>
    <datafield tag="590" ind1=" " ind2=" ">
      <subfield code="a">OCLC</subfield>
      <subfield code="b">WorldCat Holdings</subfield>
    </datafield>
    <datafield tag="592" ind1=" " ind2=" ">
      <subfield code="a">7.1973</subfield>
    </datafield>
    <datafield tag="592" ind1=" " ind2=" ">
      <subfield code="a">40.2006</subfield>
    </datafield>
    <datafield tag="593" ind1=" " ind2=" ">
      <subfield code="a">[N=42.2008,2]</subfield>
    </datafield>
    <datafield tag="593" ind1=" " ind2=" ">
      <subfield code="a">[N=44.2010]</subfield>
    </datafield>
    <datafield tag="595" ind1=" " ind2=" ">
      <subfield code="a">01=Z 20 (BB Steinfurt)</subfield>
    </datafield>
    <datafield tag="595" ind1=" " ind2=" ">
      <subfield code="a">08=Z 35 (Z=1) BB FHZ</subfield>
    </datafield>
    <datafield tag="650" ind1=" " ind2="7">
      <subfield code="a">Chemie</subfield>
      <subfield code="v">Zeitschrift.</subfield>
      <subfield code="2">idsbb</subfield>
    </datafield>
    <datafield tag="650" ind1=" " ind2="7">
      <subfield code="a">Chemie.</subfield>
      <subfield code="2">swd</subfield>
    </datafield>
    <datafield tag="650" ind1=" " ind2="7">
      <subfield code="a">Experiment</subfield>
      <subfield code="x">Chemie.</subfield>
      <subfield code="2">swd</subfield>
    </datafield>
    <datafield tag="650" ind1=" " ind2="7">
      <subfield code="a">Chimica</subfield>
      <subfield code="x">periodici.</subfield>
      <subfield code="2">sbt</subfield>
    </datafield>
    <datafield tag="650" ind1=" " ind2="7">
      <subfield code="a">Chemie.</subfield>
      <subfield code="0">(DE-588)4009816-3</subfield>
      <subfield code="2">gnd</subfield>
    </datafield>
    <datafield tag="650" ind1=" " ind2="7">
      <subfield code="a">Experiment.</subfield>
      <subfield code="0">(DE-588)4015999-1</subfield>
      <subfield code="2">gnd</subfield>
    </datafield>
    <datafield tag="653" ind1="0" ind2=" ">
      <subfield code="a">Chemie</subfield>
      <subfield code="a">Zeitschrift</subfield>
    </datafield>
    <datafield tag="710" ind1="2" ind2=" ">
      <subfield code="a">Gesellschaft Deutscher Chemiker</subfield>
    </datafield>
    <datafield tag="775" ind1="0" ind2="8">
      <subfield code="i">Internetausg.</subfield>
      <subfield code="t">Chemie in unserer Zeit</subfield>
    </datafield>
    <datafield tag="994" ind1=" " ind2=" ">
      <subfield code="a">92</subfield>
      <subfield code="b">SUNDV</subfield>
    </datafield>
  </record>