
  <record xmlns="http://www.loc.gov/MARC21/slim">
    <leader>00000cas a2200000 a 4500</leader>
    <controlfield tag="001">ocm45567891 </controlfield>
    <controlfield tag="003">OCoLC</controlfield>
    <controlfield tag="005">20161123072317.1</controlfield>
    <controlfield tag="006">m     o  d        </controlfield>
    <controlfield tag="007">cr cn|||||||||</controlfield>
    <controlfield tag="008">001214c19679999gw bx pso     0    0eng c</controlfield>
    <datafield tag="010" ind1=" " ind2=" ">
      <subfield code="a">  2001227292</subfield>
    </datafield>
    <datafield tag="040" ind1=" " ind2=" ">
      <subfield code="a">CSA</subfield>
      <subfield code="b">eng</subfield>
      <subfield code="c">CSA</subfield>
      <subfield code="d">EYM</subfield>
      <subfield code="d">OCLCQ</subfield>
      <subfield code="d">IUL</subfield>
      <subfield code="d">AZU</subfield>
      <subfield code="d">GUA</subfield>
      <subfield code="d">U9S</subfield>
      <subfield code="d">OCLCQ</subfield>
      <subfield code="d">OCLCF</subfield>
      <subfield code="d">OCLCO</subfield>
      <subfield code="d">OCLCQ</subfield>
    </datafield>
    <datafield tag="019" ind1=" " ind2=" ">
      <subfield code="a">137343259</subfield>
    </datafield>
    <datafield tag="022" ind1=" " ind2=" ">
      <subfield code="a">1521-3781</subfield>
      <subfield code="y">0009-2851</subfield>
    </datafield>
    <datafield tag="029" ind1="1" ind2=" ">
      <subfield code="a">AU@</subfield>
      <subfield code="b">000040966497</subfield>
    </datafield>
    <datafield tag="029" ind1="1" ind2=" ">
      <subfield code="a">AU@</subfield>
      <subfield code="b">000043818320</subfield>
    </datafield>
    <datafield tag="029" ind1="1" ind2=" ">
      <subfield code="a">AU@</subfield>
      <subfield code="b">000044057295</subfield>
    </datafield>
    <datafield tag="029" ind1="1" ind2=" ">
      <subfield code="a">AU@</subfield>
      <subfield code="b">000044870384</subfield>
    </datafield>
    <datafield tag="029" ind1="1" ind2=" ">
      <subfield code="a">AU@</subfield>
      <subfield code="b">000044915359</subfield>
    </datafield>
    <datafield tag="029" ind1="1" ind2=" ">
      <subfield code="a">AU@</subfield>
      <subfield code="b">000045701989</subfield>
    </datafield>
    <datafield tag="029" ind1="1" ind2=" ">
      <subfield code="a">NLGGC</subfield>
      <subfield code="b">394113624</subfield>
    </datafield>
    <datafield tag="029" ind1="1" ind2=" ">
      <subfield code="a">NZ1</subfield>
      <subfield code="b">6393365</subfield>
    </datafield>
    <datafield tag="029" ind1="1" ind2=" ">
      <subfield code="a">OCLCS</subfield>
      <subfield code="b">4674</subfield>
    </datafield>
    <datafield tag="029" ind1="1" ind2=" ">
      <subfield code="a">OCLCS</subfield>
      <subfield code="b">OP-6209</subfield>
    </datafield>
    <datafield tag="030" ind1=" " ind2=" ">
      <subfield code="a">CUNZAW</subfield>
    </datafield>
    <datafield tag="035" ind1=" " ind2=" ">
      <subfield code="a">(OCoLC)45567891</subfield>
      <subfield code="z">(OCoLC)137343259</subfield>
    </datafield>
    <datafield tag="042" ind1=" " ind2=" ">
      <subfield code="a">pcc</subfield>
    </datafield>
    <datafield tag="050" ind1="1" ind2="4">
      <subfield code="a">QD1</subfield>
      <subfield code="b">.C6884842</subfield>
    </datafield>
    <datafield tag="049" ind1=" " ind2=" ">
      <subfield code="a">MAIN</subfield>
    </datafield>
    <datafield tag="130" ind1="0" ind2=" ">
      <subfield code="a">Chemie in unserer Zeit (Online)</subfield>
    </datafield>
    <datafield tag="245" ind1="1" ind2="0">
      <subfield code="a">Chemie in unserer Zeit.</subfield>
    </datafield>
    <datafield tag="246" ind1="3" ind2="0">
      <subfield code="a">Chemie</subfield>
    </datafield>
    <datafield tag="260" ind1=" " ind2=" ">
      <subfield code="a">Weinheim :</subfield>
      <subfield code="b">Verlag &amp; Co. KGaA :</subfield>
      <subfield code="b">[Verlag Chemie],</subfield>
      <subfield code="c">©1967-</subfield>
    </datafield>
    <datafield tag="310" ind1=" " ind2=" ">
      <subfield code="a">Six issues a year,</subfield>
      <subfield code="b">&lt;2003-&gt;</subfield>
    </datafield>
    <datafield tag="321" ind1=" " ind2=" ">
      <subfield code="a">Bimonthly,</subfield>
      <subfield code="b">1967-</subfield>
    </datafield>
    <datafield tag="336" ind1=" " ind2=" ">
      <subfield code="a">text</subfield>
      <subfield code="b">txt</subfield>
      <subfield code="2">rdacontent</subfield>
    </datafield>
    <datafield tag="337" ind1=" " ind2=" ">
      <subfield code="a">computer</subfield>
      <subfield code="b">c</subfield>
      <subfield code="2">rdamedia</subfield>
    </datafield>
    <datafield tag="338" ind1=" " ind2=" ">
      <subfield code="a">online resource</subfield>
      <subfield code="b">cr</subfield>
      <subfield code="2">rdacarrier</subfield>
    </datafield>
    <datafield tag="362" ind1="0" ind2=" ">
      <subfield code="a">Vol. 1, issue 1 (März 1967)-</subfield>
    </datafield>
    <datafield tag="500" ind1=" " ind2=" ">
      <subfield code="a">Title from table of contents screen (Wiley InterScience; viewed: 10/6/2006).</subfield>
    </datafield>
    <datafield tag="500" ind1=" " ind2=" ">
      <subfield code="a">Published: Weinheim : Verlag GmbH &amp; Co. KGaA : [Verlag Chemie], 1967- ; published: Weinheim : Verlag GmbH &amp; Co. KGaA : [VCH Verlagsgesellschaft mbH], &lt;1988-&gt;; published: Weinheim : Wiley-VCH Verlag GmbH &amp; Co. KGaA, &lt;2005-&gt;</subfield>
    </datafield>
    <datafield tag="530" ind1=" " ind2=" ">
      <subfield code="a">Also issued in print.</subfield>
    </datafield>
    <datafield tag="538" ind1=" " ind2=" ">
      <subfield code="a">Mode of access: World Wide Web.</subfield>
    </datafield>
    <datafield tag="550" ind1=" " ind2=" ">
      <subfield code="a">Eine Zeitschrift der GDCh.</subfield>
    </datafield>
    <datafield tag="588" ind1=" " ind2=" ">
      <subfield code="a">Latest issue consulted: Vol. 40, issue 5 (Okt. 2006); Wiley InterScience (viewed 10/6/2006).</subfield>
    </datafield>
    <datafield tag="590" ind1=" " ind2=" ">
      <subfield code="b">EZB FH Münster</subfield>
    </datafield>
    <datafield tag="590" ind1=" " ind2=" ">
      <subfield code="b">HBZ Sundv</subfield>
    </datafield>
    <datafield tag="590" ind1=" " ind2=" ">
      <subfield code="a">OCLC</subfield>
      <subfield code="b">WorldCat Holdings</subfield>
    </datafield>
    <datafield tag="650" ind1=" " ind2="0">
      <subfield code="a">Chemistry</subfield>
      <subfield code="v">Periodicals.</subfield>
    </datafield>
    <datafield tag="650" ind1=" " ind2="6">
      <subfield code="a">Chimie</subfield>
      <subfield code="x">Périodiques.</subfield>
    </datafield>
    <datafield tag="650" ind1=" " ind2="7">
      <subfield code="a">Chemistry.</subfield>
      <subfield code="2">fast</subfield>
      <subfield code="0">(OCoLC)fst00853344</subfield>
    </datafield>
    <datafield tag="655" ind1=" " ind2="0">
      <subfield code="a">Electronic journals.</subfield>
    </datafield>
    <datafield tag="655" ind1=" " ind2="7">
      <subfield code="a">Periodicals.</subfield>
      <subfield code="2">fast</subfield>
      <subfield code="0">(OCoLC)fst01411641</subfield>
    </datafield>
    <datafield tag="710" ind1="2" ind2=" ">
      <subfield code="a">Gesellschaft Deutscher Chemiker.</subfield>
    </datafield>
    <datafield tag="776" ind1="1" ind2=" ">
      <subfield code="t">Chemie in unserer Zeit</subfield>
      <subfield code="x">0009-2851</subfield>
      <subfield code="w">(DLC)sn 79001547</subfield>
      <subfield code="w">(OCoLC)1554021</subfield>
    </datafield>
    <datafield tag="856" ind1="4" ind2="0">
      <subfield code="u">https://www.hb.fh-muenster.de:2443/login?url=http://www.onlinelibrary.wiley.com/journal/10.1002/(ISSN)1521-3781</subfield>
    </datafield>
    <datafield tag="994" ind1=" " ind2=" ">
      <subfield code="a">92</subfield>
      <subfield code="b">SUNDV</subfield>
    </datafield>
    <datafield tag="891" ind1="2" ind2="0">
      <subfield code="9">853</subfield>
      <subfield code="8">1</subfield>
      <subfield code="a">v.</subfield>
      <subfield code="b">issue</subfield>
      <subfield code="u">6</subfield>
      <subfield code="v">r</subfield>
      <subfield code="i">(year)</subfield>
      <subfield code="j">(month)</subfield>
      <subfield code="w">b</subfield>
    </datafield>
    <datafield tag="891" ind1="4" ind2="1">
      <subfield code="9">863</subfield>
      <subfield code="8">1.1</subfield>
      <subfield code="a">1</subfield>
      <subfield code="b">1</subfield>
      <subfield code="i">1967</subfield>
      <subfield code="j">03</subfield>
    </datafield>
    <datafield tag="891" ind1="2" ind2="0">
      <subfield code="9">853</subfield>
      <subfield code="8">2</subfield>
      <subfield code="a">v.</subfield>
      <subfield code="b">issue</subfield>
      <subfield code="u">6</subfield>
      <subfield code="v">r</subfield>
      <subfield code="i">(year)</subfield>
      <subfield code="j">(month)</subfield>
      <subfield code="w">6</subfield>
    </datafield>
    <datafield tag="891" ind1="4" ind2="1">
      <subfield code="9">863</subfield>
      <subfield code="8">2.1</subfield>
      <subfield code="a">&lt;37&gt;</subfield>
      <subfield code="b">&lt;1&gt;</subfield>
      <subfield code="i">&lt;2003&gt;</subfield>
      <subfield code="j">&lt;01&gt;</subfield>
    </datafield>
  </record>
</collection>
